<record><leader>00000cas a22000007a 4500</leader><controlfield tag="001">33501790</controlfield><controlfield tag="008">951117c199u9999cauwr ne      0    0chi d</controlfield><datafield ind1=" " ind2=" " tag="010"><subfield code="a">sn 95062366 </subfield></datafield><datafield ind1=" " ind2=" " tag="040"><subfield code="a">CNK</subfield><subfield code="b">eng</subfield><subfield code="c">CNK</subfield><subfield code="d">OCLCQ</subfield><subfield code="d">OCLCF</subfield><subfield code="d">OCLCO</subfield><subfield code="d">OCL</subfield></datafield><datafield ind1=" " ind2=" " tag="042"><subfield code="a">msc</subfield></datafield><datafield ind1=" " ind2=" " tag="043"><subfield code="a">n-us-ca</subfield></datafield><datafield ind1="0" ind2="0" tag="245"><subfield code="a">Beijiazhou Wanqu xin wen =</subfield><subfield code="b">Bay Area Chinese news.</subfield></datafield><datafield ind1="3" ind2="1" tag="246"><subfield code="a">Bay Area Chinese news</subfield></datafield><datafield ind1="3" ind2=" " tag="246"><subfield code="a">Bei Jia zhou Wan qu xin wen</subfield></datafield><datafield ind1=" " ind2=" " tag="260"><subfield code="a">Santa Clara, CA :</subfield><subfield code="b">Southern Chinese Newspaper Pub.</subfield></datafield><datafield ind1=" " ind2=" " tag="300"><subfield code="a">v.</subfield></datafield><datafield ind1=" " ind2=" " tag="310"><subfield code="a">Weekly</subfield></datafield><datafield ind1=" " ind2=" " tag="588"><subfield code="a">Description based on: No. 44 (July 8, 1994).</subfield></datafield><datafield ind1=" " ind2="0" tag="650"><subfield code="a">Chinese newspapers</subfield><subfield code="z">California</subfield><subfield code="z">Santa Clara.</subfield></datafield><datafield ind1=" " ind2="0" tag="651"><subfield code="a">Santa Clara (Calif.)</subfield><subfield code="v">Newspapers.</subfield></datafield><datafield ind1=" " ind2="7" tag="650"><subfield code="a">Chinese newspapers.</subfield><subfield code="2">fast</subfield><subfield code="0">(OCoLC)fst00857651</subfield></datafield><datafield ind1=" " ind2="7" tag="651"><subfield code="a">California</subfield><subfield code="z">Santa Clara.</subfield><subfield code="2">fast</subfield><subfield code="0">(OCoLC)fst01205013</subfield></datafield><datafield ind1=" " ind2="7" tag="655"><subfield code="a">Newspapers.</subfield><subfield code="2">fast</subfield><subfield code="0">(OCoLC)fst01423814</subfield></datafield><datafield ind1=" " ind2=" " tag="752"><subfield code="a">United States</subfield><subfield code="b">California</subfield><subfield code="c">Santa Clara</subfield><subfield code="d">Santa Clara.</subfield></datafield><datafield ind1="1" ind2=" " tag="029"><subfield code="a">AU@</subfield><subfield code="b">000015611450</subfield></datafield></record>